@article{ccdg1982,
title={The bandwidth problem for graphs and matrices—a survey}, 
volume={6}, 
DOI={10.1002/jgt.3190060302},
number={3}, 
journal={Journal of Graph Theory}, 
author={Chinn, P. Z. and Chvátalová, J. and Dewdney, A. K. and Gibbs, N. E.}, 
year={1982},
pages={223–254}}

@article{papadimitriou_1976, 
title={The NP-Completeness of the bandwidth minimization problem}, 
volume={16}, DOI={10.1007/bf02280884}, 
number={3}, 
journal={Computing}, 
author={Papadimitriou, 
Ch. H.}, year={1976},
pages={263–270}}

@INPROCEEDINGS{743431,
author={W. {Unger}},
booktitle={Proceedings 39th Annual Symposium on Foundations of Computer Science (Cat. No.98CB36280)}, 
title={The complexity of the approximation of the bandwidth problem}, 
year={1998},
volume={},
number={},
pages={82-91},
doi={10.1109/SFCS.1998.743431}}

@book{garey_johnson_2003, place={New York}, title={Computers and intractability: a guide to the theory of NP - completeness}, publisher={W.H. Freeman and Co.}, author={Garey, Michael R. and Johnson, David S.}, year={2003}}

@Inbook{Lee2016,
author={Lee, James R.},
title={Graph Bandwidth},
bookTitle={Encyclopedia of Algorithms},
year={2016},
publisher={Springer New York},
address={New York, NY},
pages={866--869},
isbn={978-1-4939-2864-4},
doi={10.1007/978-1-4939-2864-4_169},
url={https://doi.org/10.1007/978-1-4939-2864-4_169}
}

@article{imp_comp,
author = {Aliabadian, A. and Jafari, Mohammad-Rasol and Azarbad, Ali},
year = {2017},
month = {01},
pages = {493-508},
title = {Solving Graph Bandwidth Minimization Problem Using Imperialist Competitive Algorithm},
volume = {86},
journal = {Bulletin de la Societe Royale des Sciences de Liege}
}

@book{beineke_wilson_1983, place={London}, title={Selected topics in graph theory}, publisher={Academic Press}, author={Beineke, Lowell W. and Wilson, Robin J.}, year={1983}, URL={http://www.math.ucsd.edu/~fan/mypaps/fanpap/86log.PDF}}

@book{nunes_2023, place={S.l.}, title={Fundamentals of Natural Computing: Basic Concepts, Algorithms, and Applications}, publisher={CRC PRESS}, author={De Castro, LEANDRO Nunes}, year={2011}}


@book{engelbrecht_computational_2007,
	address = {Chichester, England ; Hoboken, NJ},
	edition = {2nd ed},
	title = {Computational intelligence: an introduction},
	isbn = {9780470035610},
	shorttitle = {Computational intelligence},
	publisher = {John Wiley \& Sons},
	author = {Engelbrecht, Andries P.},
	year = {2007},
	note = {OCLC: ocn133465571},
	keywords = {Computational intelligence, Neural networks (Computer science), Evolutionary programming (Computer science)},
}
